<record><leader>00000cas a22000007a 4500</leader><controlfield tag="001">14874751</controlfield><controlfield tag="008">861125c19429999iauwr ne      0    0eng d</controlfield><datafield ind1=" " ind2=" " tag="010"><subfield code="a">sn 86060270 </subfield></datafield><datafield ind1=" " ind2=" " tag="040"><subfield code="a">INP</subfield><subfield code="b">eng</subfield><subfield code="c">INP</subfield><subfield code="d">OCLCQ</subfield></datafield><datafield ind1=" " ind2=" " tag="042"><subfield code="a">msc</subfield></datafield><datafield ind1="0" ind2=" " tag="130"><subfield code="a">Lake City graphic (Lake City, Iowa : 1942)</subfield></datafield><datafield ind1="1" ind2="0" tag="245"><subfield code="a">Lake City graphic.</subfield></datafield><datafield ind1="1" ind2="3" tag="246"><subfield code="a">Graphic &amp; news</subfield><subfield code="f">Apr. 2, 1942</subfield></datafield><datafield ind1=" " ind2=" " tag="260"><subfield code="a">Lake City, Calhoun County, Iowa :</subfield><subfield code="b">L.A. Hotchkiss,</subfield><subfield code="c">1942-</subfield></datafield><datafield ind1=" " ind2=" " tag="300"><subfield code="a">v. :</subfield><subfield code="b">ill. ;</subfield><subfield code="c">55 cm.</subfield></datafield><datafield ind1=" " ind2=" " tag="310"><subfield code="a">Weekly</subfield></datafield><datafield ind1="0" ind2=" " tag="362"><subfield code="a">56th year, no. 19 (Apr. 2, 1942)-</subfield></datafield><datafield ind1=" " ind2=" " tag="500"><subfield code="a">Publisher varies.</subfield></datafield><datafield ind1=" " ind2=" " tag="752"><subfield code="a">United States</subfield><subfield code="b">Iowa</subfield><subfield code="c">Calhoun</subfield><subfield code="d">Lake City.</subfield></datafield><datafield ind1="0" ind2="0" tag="780"><subfield code="t">Graphic and news (Lake City, Iowa)</subfield><subfield code="w">(DLC)sn 86060269</subfield></datafield></record>